<record><leader>00000cas a2200000 a 4500</leader><controlfield tag="001">12846719</controlfield><controlfield tag="008">851126c18949999tnuir ne      0    0eng  </controlfield><datafield ind1=" " ind2=" " tag="010"><subfield code="a">sn 85042757 </subfield></datafield><datafield ind1=" " ind2=" " tag="040"><subfield code="a">DLC</subfield><subfield code="b">eng</subfield><subfield code="c">DLC</subfield><subfield code="d">KNP</subfield><subfield code="d">TGN</subfield><subfield code="d">OCL</subfield><subfield code="d">OCLCO</subfield><subfield code="d">OCLCQ</subfield><subfield code="d">OCLCF</subfield></datafield><datafield ind1="1" ind2=" " tag="029"><subfield code="a">AU@</subfield><subfield code="b">000004531618</subfield></datafield><datafield ind1=" " ind2=" " tag="037"><subfield code="b">120 S. Main St., Suite 102, Crossville, Tenn. 38555</subfield></datafield><datafield ind1=" " ind2=" " tag="042"><subfield code="a">msc</subfield></datafield><datafield ind1=" " ind2=" " tag="043"><subfield code="a">n-us-tn</subfield></datafield><datafield ind1="0" ind2="0" tag="050"><subfield code="a">Newspaper 7002</subfield></datafield><datafield ind1="0" ind2="0" tag="245"><subfield code="a">Crossville chronicle.</subfield></datafield><datafield ind1=" " ind2=" " tag="260"><subfield code="a">Crossville, Tenn. :</subfield><subfield code="b">S.C. Bishop</subfield></datafield><datafield ind1=" " ind2=" " tag="300"><subfield code="a">v. :</subfield><subfield code="b">ill. ;</subfield><subfield code="c">54 cm.</subfield></datafield><datafield ind1=" " ind2=" " tag="310"><subfield code="a">Three times a week,</subfield><subfield code="b">Jan. 24, 1978-</subfield></datafield><datafield ind1=" " ind2=" " tag="321"><subfield code="a">Weekly,</subfield><subfield code="b">&lt;Apr. 11&gt;, 1894-Oct. 14, 1971</subfield></datafield><datafield ind1=" " ind2=" " tag="321"><subfield code="a">Semiweekly,</subfield><subfield code="b">Oct. 18, 1971-Jan. 19, 1978</subfield></datafield><datafield ind1="1" ind2=" " tag="362"><subfield code="a">Began in 1894.</subfield><subfield code="z">Cf. NIM.</subfield></datafield><datafield ind1=" " ind2=" " tag="530"><subfield code="a">Also issued on microfilm from Tennessee State Library and Archives.</subfield></datafield><datafield ind1=" " ind2=" " tag="588"><subfield code="a">Description based on: Vol. 4, no. 20 (Apr. 11, 1894).</subfield></datafield><datafield ind1=" " ind2="0" tag="651"><subfield code="a">Crossville (Tenn.)</subfield><subfield code="v">Newspapers.</subfield></datafield><datafield ind1=" " ind2="0" tag="651"><subfield code="a">Cumberland County (Tenn.)</subfield><subfield code="v">Newspapers.</subfield></datafield><datafield ind1=" " ind2="7" tag="655"><subfield code="a">Newspapers.</subfield><subfield code="2">fast</subfield><subfield code="0">(OCoLC)fst01423814</subfield></datafield><datafield ind1=" " ind2="7" tag="651"><subfield code="a">Tennessee</subfield><subfield code="z">Crossville.</subfield><subfield code="2">fast</subfield><subfield code="0">(OCoLC)fst01227590</subfield></datafield><datafield ind1=" " ind2="7" tag="651"><subfield code="a">Tennessee</subfield><subfield code="z">Cumberland County.</subfield><subfield code="2">fast</subfield><subfield code="0">(OCoLC)fst01222259</subfield></datafield><datafield ind1=" " ind2=" " tag="752"><subfield code="a">United States</subfield><subfield code="b">Tennessee</subfield><subfield code="c">Cumberland</subfield><subfield code="d">Crossville.</subfield></datafield><datafield ind1="0" ind2="0" tag="780"><subfield code="t">Crossville sentinel</subfield><subfield code="w">(DLC)sn 98069745</subfield></datafield><datafield ind1="0" ind2="5" tag="780"><subfield code="t">Tennessee times</subfield><subfield code="g">Oct. 2, 1885</subfield><subfield code="w">(DLC)sn 89058052</subfield></datafield><datafield ind1="0" ind2="5" tag="780"><subfield code="t">Cumberland times (Crossville, Tenn.)</subfield><subfield code="g">Feb. 1996</subfield><subfield code="w">(DLC)sn 98069747</subfield></datafield></record>